<record><leader>00000cas a2200000 a 4500</leader><controlfield tag="001">10540713</controlfield><controlfield tag="008">840320d18851905ksuwr ne      0   a0eng d</controlfield><datafield ind1=" " ind2=" " tag="010"><subfield code="a">sn 83040608 </subfield></datafield><datafield ind1=" " ind2=" " tag="040"><subfield code="a">KSH</subfield><subfield code="b">eng</subfield><subfield code="c">KSH</subfield><subfield code="d">NPT</subfield><subfield code="d">OCL</subfield><subfield code="d">OCLCQ</subfield></datafield><datafield ind1=" " ind2=" " tag="042"><subfield code="a">msc</subfield></datafield><datafield ind1=" " ind2=" " tag="043"><subfield code="a">n-us-ks</subfield></datafield><datafield ind1="0" ind2=" " tag="130"><subfield code="a">Columbus advocate (Columbus, Kan. : 1885)</subfield></datafield><datafield ind1="1" ind2="4" tag="245"><subfield code="a">The Columbus advocate.</subfield></datafield><datafield ind1=" " ind2=" " tag="260"><subfield code="a">Columbus, Kan. :</subfield><subfield code="b">[s.n.],</subfield><subfield code="c">1885-</subfield></datafield><datafield ind1=" " ind2=" " tag="300"><subfield code="a">v. :</subfield><subfield code="b">ill. ;</subfield><subfield code="c">50-64 cm.</subfield></datafield><datafield ind1=" " ind2=" " tag="310"><subfield code="a">Weekly</subfield></datafield><datafield ind1="0" ind2=" " tag="362"><subfield code="a">Vol. 3, no. 36 (Jan. 1, 1885)-</subfield></datafield><datafield ind1="1" ind2=" " tag="362"><subfield code="a">Ceased in Jan. 1905.</subfield></datafield><datafield ind1=" " ind2=" " tag="530"><subfield code="a">Available on microfilm from Micro Photo.</subfield></datafield><datafield ind1=" " ind2=" " tag="752"><subfield code="a">United States</subfield><subfield code="b">Kansas</subfield><subfield code="c">Cherokee</subfield><subfield code="d">Columbus.</subfield></datafield><datafield ind1="0" ind2="0" tag="780"><subfield code="t">Lea's Columbus advocate</subfield><subfield code="w">(DLC)sn 83040607</subfield></datafield><datafield ind1="0" ind2="5" tag="780"><subfield code="t">Columbus republican (Columbus, Kan.)</subfield><subfield code="w">(DLC)sn 83041061</subfield></datafield><datafield ind1="0" ind2="5" tag="780"><subfield code="t">Columbus courier (Columbus, Kan. : 1896)</subfield><subfield code="g">Oct. 9, 1902</subfield><subfield code="w">(DLC)sn 83040625</subfield></datafield><datafield ind1="0" ind2="0" tag="785"><subfield code="t">Columbus weekly advocate</subfield><subfield code="w">(DLC)sn 83040629</subfield></datafield></record>